@article{blott2006,
    author = {Blott, S. J. and Pye, K.},
    title = {Grain size scale: A new classification scheme for sediment grain sizes},
    journal = {Sedimentology},
    volume = {53},
    number = {5},
    pages = {1103--1128},
    year = {2006},
    doi = {10.1111/j.1365-3091.2006.00751.x}
}
@article{cox1927method,
  title={A method of assigning numerical and percentage values to the degree of roundness of sand grains},
  author={Cox, EP},
  journal={Journal of paleontology},
  volume={1},
  number={3},
  pages={179--183},
  year={1927},
  publisher={JSTOR}
}
@article{krumbein1941measurement,
  title={Measurement and geological significance of shape and roundness of sedimentary particles},
  author={Krumbein, William Christian},
  journal={Journal of Sedimentary Research},
  volume={11},
  number={2},
  pages={64--72},
  year={1941},
  publisher={SEPM Society for Sedimentary Geology}
}
@article{wadell1932volume,
  title={Volume, shape, and roundness of rock particles},
  author={Wadell, Hakon},
  journal={The Journal of Geology},
  volume={40},
  number={5},
  pages={443--451},
  year={1932},
  publisher={University of Chicago Press}
}
@article{zheng2015traditional,
  title={Traditional soil particle sphericity, roundness and surface roughness by computational geometry},
  author={Zheng, Junxing and Hryciw, Roman D},
  journal={G{\'e}otechnique},
  volume={65},
  number={6},
  pages={494--506},
  year={2015},
  publisher={Thomas Telford Ltd}
}
@article{arasan2011effect,
  title={Effect of particle size and shape on the grain-size distribution using Image analysis},
  author={Arasan, Seracettin and Akbulut, Suat and Hasiloglu, A Samet},
  journal={International Journal of Civil \& Structural Engineering},
  volume={1},
  number={4},
  pages={968--985},
  year={2011},
  publisher={Integrated Publishing Association}
}
@article{peregrina2013automatic,
  title={Automatic grain size determination in microstructures using image processing},
  author={Peregrina-Barreto, H and Terol-Villalobos, IR and Rangel-Magdaleno, JJ and Herrera-Navarro, AM and Morales-Hern{\'a}ndez, LA and Manr{\'\i}quez-Guerrero, F},
  journal={Measurement},
  volume={46},
  number={1},
  pages={249--258},
  year={2013},
  publisher={Elsevier}
}
@article{williams1998sand,
  title={Sand grain analysis—image processing, textural algorithms and neural nets},
  author={Williams, AT and Wiltshire, RJ and Thomas, MC},
  journal={Computers \& geosciences},
  volume={24},
  number={2},
  pages={111--118},
  year={1998},
  publisher={Elsevier}
}
@article{karpatne2018machine,
  title={Machine learning for the geosciences: Challenges and opportunities},
  author={Karpatne, Anuj and Ebert-Uphoff, Imme and Ravela, Sai and Babaie, Hassan Ali and Kumar, Vipin},
  journal={IEEE Transactions on Knowledge and Data Engineering},
  volume={31},
  number={8},
  pages={1544--1554},
  year={2018},
  publisher={IEEE}
}
@misc{zsylvester_segmenteverygrain_2023,
  author       = {Zoltán Sylvester},
  title        = {Segment Every Grain: Image-based grain size analysis for sedimentologists},
  year         = {2023},
  howpublished = {\url{https://github.com/zsylvester/segmenteverygrain}},
  note         = {Accessed: 2024-10-06}
}
@article{kirillov2023segany,
  title={Segment Anything},
  author={Kirillov, Alexander and Mintun, Eric and Ravi, Nikhila and Mao, Hanzi and Rolland, Chloe and Gustafson, Laura and Xiao, Tete and Whitehead, Spencer and Berg, Alexander C. and Lo, Wan-Yen and Doll{\'a}r, Piotr and Girshick, Ross},
  journal={arXiv:2304.02643},
  year={2023}
}